@techreport{christofides1976worst,
  title={Worst-case analysis of a new heuristic for the travelling salesman problem},
  author={Christofides, Nicos},
  year={1976},
  institution={Carnegie-Mellon Univ Pittsburgh {PA} Management Sciences Research Group}
}

@article{serdyukov1978nekotorykh,
  title={O nekotorykh ekstremal'nykh obkhodakh v grafakh},
  author={Serdyukov, Anatoliy I},
  journal={Upravlyayemyye sistemy},
  volume={17},
  pages={76--79},
  year={1978}
}

@incollection{wolsey1980heuristic,
  title={Heuristic analysis, linear programming and branch and bound},
  author={Wolsey, Laurence A},
  booktitle={Combinatorial Optimization II},
  pages={121--134},
  year={1980},
  publisher={Springer}
}

@inproceedings{karlin2021slightly,
  title={A (slightly) improved approximation algorithm for metric {TSP}},
  author={Karlin, Anna R and Klein, Nathan and {Oveis Gharan}, Shayan},
  booktitle={Proceedings of the 53rd Annual ACM SIGACT Symposium on Theory of Computing},
  pages={32--45},
  year={2021}
}

@article{karlin2021slightlyig,
  title={A (Slightly) Improved Bound on the Integrality Gap of the Subtour {LP} for {TSP}},
  author={Karlin, Anna and Klein, Nathan and {Oveis Gharan}, Shayan},
  journal={arXiv preprint arXiv:2105.10043},
  year={2021}
}

@article{gupta2021matroid,
  title={Matroid-Based {TSP} Rounding for Half-Integral Solutions},
  author={Gupta, Anupam and Lee, Euiwoong and Li, Jason and Mucha, Marcin and Newman, Heather and Sarkar, Sherry},
  journal={arXiv preprint arXiv:2111.09290},
  year={2021}
}

@article{dinits1976structure,
  title={On the structure of a family of minimal weighted cuts in a graph},
  author={Dinits, EA},
  journal={Studies in Discrete Optimization},
  year={1976},
  publisher={Nauka}
}

@article{nagamochi1994canonical,
  title={Canonical cactus representation for minimum cuts},
  author={Nagamochi, Hiroshi and Kameda, Tiko},
  journal={Japan Journal of Industrial and Applied Mathematics},
  volume={11},
  number={3},
  pages={343--361},
  year={1994},
  publisher={Springer}
}

@incollection{benczur2008deformable,
  title={Deformable polygon representation and near-mincuts},
  author={Bencz{\'u}r, Andr{\'a}s A and Goemans, Michel X},
  booktitle={Building Bridges},
  pages={103--135},
  year={2008},
  publisher={Springer}
}

@article{benczur1995structure,
  title={The structure of near-minimum edge cuts},
  author={Bencz{\'u}r, Andr{\'a}s A},
  year={1995},
  publisher={Citeseer}
}

@inproceedings{benczur1995representation,
  title={A representation of cuts within 6/5 times the edge connectivity with applications},
  author={Bencz{\'u}r, Andr{\'a}s A},
  booktitle={Proceedings of IEEE 36th Annual Foundations of Computer Science},
  pages={92--102},
  year={1995},
  organization={IEEE}
}

@phdthesis{benczur1997cut,
  title={Cut structures and randomized algorithms in edge-connectivity problems},
  author={Bencz{\'u}r, Andr{\'a}s A},
  year={1997},
  school={Massachusetts Institute of Technology}
}

@book{schrijver2003combinatorial,
  title={Combinatorial optimization: polyhedra and efficiency},
  author={Schrijver, Alexander},
  volume={24},
  year={2003},
  publisher={Springer}
}

@article{cook2009combinatorial,
  title={Combinatorial optimization},
  author={Cook, William J and Cunningham, WH and Pulleyblank, WR and Schrijver, A},
  journal={Oberwolfach Reports},
  volume={5},
  number={4},
  pages={2875--2942},
  year={2009},
  publisher={Springer}
}

@article{edmonds1973matching,
  title={Matching, Euler tours and the Chinese postman},
  author={Edmonds, Jack and Johnson, Ellis L},
  journal={Mathematical programming},
  volume={5},
  number={1},
  pages={88--124},
  year={1973},
  publisher={Springer}
}

@article{asadpour2017log,
  title={An {$O (\log n/\log \log n)$}-approximation algorithm for the asymmetric traveling salesman problem},
  author={Asadpour, Arash and Goemans, Michel X and Madry, Aleksander and Gharan, Shayan Oveis and Saberi, Amin},
  journal={Operations Research},
  volume={65},
  number={4},
  pages={1043--1061},
  year={2017},
  publisher={INFORMS}
}

@article{borcea2009negative,
  title={Negative dependence and the geometry of polynomials},
  author={Borcea, Julius and Br{\"a}nd{\'e}n, Petter and Liggett, Thomas},
  journal={Journal of the American Mathematical Society},
  volume={22},
  number={2},
  pages={521--567},
  year={2009}
}

@inproceedings{gharan2011randomized,
  title={A randomized rounding approach to the traveling salesman problem},
  author={{Oveis Gharan}, Shayan and Saberi, Amin and Singh, Mohit},
  booktitle={2011 IEEE 52nd Annual Symposium on Foundations of Computer Science},
  pages={550--559},
  year={2011},
  organization={IEEE}
}

@article{hoeffding1956distribution,
  title={On the distribution of the number of successes in independent trials},
  author={Hoeffding, Wassily},
  journal={The Annals of Mathematical Statistics},
  pages={713--721},
  year={1956},
  publisher={JSTOR}
}

@article{dantzig1954solution,
  title={Solution of a large-scale traveling-salesman problem},
  author={Dantzig, George and Fulkerson, Ray and Johnson, Selmer},
  journal={Journal of the operations research society of America},
  volume={2},
  number={4},
  pages={393--410},
  year={1954},
  publisher={INFORMS}
}

@inproceedings{haddadan2019towards,
  title={Towards improving Christofides algorithm for half-integer TSP},
  author={Haddadan, Arash and Newman, Alantha},
  booktitle={ESA 2019-European Symposium on Algorithms},
  year={2019}
}

@article{sebHo2014shorter,
  title={Shorter tours by nicer ears: 7/5-approximation for the graph-TSP, 3/2 for the path version, and 4/3 for two-edge-connected subgraphs},
  author={Seb{\H{o}}, Andr{\'a}s and Vygen, Jens},
  journal={Combinatorica},
  pages={1--34},
  year={2014},
  publisher={Springer Berlin Heidelberg}
}

@article{borcea2009lee,
  title={The Lee-Yang and P{\'o}lya-Schur programs. I. linear operators preserving stability},
  author={Borcea, Julius and Br{\"a}nd{\'e}n, Petter},
  journal={Inventiones mathematicae},
  volume={177},
  number={3},
  pages={541--569},
  year={2009},
  publisher={Springer}
}

@article{borcea2009lee2,
  title={The Lee-Yang and P{\'o}lya-Schur programs. II. Theory of stable polynomials and applications},
  author={Borcea, Julius and Br{\"a}nd{\'e}n, Petter},
  journal={Communications on Pure and Applied Mathematics: A Journal Issued by the Courant Institute of Mathematical Sciences},
  volume={62},
  number={12},
  pages={1595--1631},
  year={2009},
  publisher={Wiley Online Library}
}

@article{borcea2010multivariate,
  title={Multivariate P{\'o}lya--Schur classification problems in the Weyl algebra},
  author={Borcea, Julius and Br{\"a}nd{\'e}n, Petter},
  journal={Proceedings of the London Mathematical Society},
  volume={101},
  number={1},
  pages={73--104},
  year={2010},
  publisher={Oxford University Press}
}

@book{hardy1952inequalities,
  title={Inequalities},
  author={Hardy, Godfrey Harold and Littlewood, John Edensor and P{\'o}lya, George and P{\'o}lya, Gy{\"o}rgy and others},
  year={1952},
  publisher={Cambridge university press}
}

@article{darroch1964distribution,
  title={On the distribution of the number of successes in independent trials},
  author={Darroch, John N},
  journal={The Annals of Mathematical Statistics},
  volume={35},
  number={3},
  pages={1317--1321},
  year={1964},
  publisher={Institute of Mathematical Statistics}
}

@inproceedings{feder1992balanced,
  title={Balanced matroids},
  author={Feder, Tom{\'a}s and Mihail, Milena},
  booktitle={Proceedings of the twenty-fourth annual ACM symposium on Theory of computing},
  pages={26--38},
  year={1992}
}

@article{as1994survey,
  title={A survey on {$T$-joins}, {$T$-cuts}, and conservative weightings},
  author={Frank, Andr\'as},
  year={1994},
  publisher={Citeseer}
}

@inproceedings{momke2011approximating,
  title={Approximating graphic TSP by matchings},
  author={M{\"o}mke, Tobias and Svensson, Ola},
  booktitle={2011 IEEE 52nd Annual Symposium on Foundations of Computer Science},
  pages={560--569},
  year={2011},
  organization={IEEE}
}

@article{mucha2014frac,
  title={$\frac{13}{9}$-Approximation for Graphic TSP},
  author={Mucha, Marcin},
  journal={Theory of computing systems},
  volume={55},
  number={4},
  pages={640--657},
  year={2014},
  publisher={Springer}
}