@techreport{christofides1976worst,
  title={Worst-case analysis of a new heuristic for the travelling salesman problem},
  author={Christofides, Nicos},
  year={1976},
  institution={Carnegie-Mellon Univ Pittsburgh {PA} Management Sciences Research Group}
}

@article{serdyukov1978nekotorykh,
  title={O nekotorykh ekstremal'nykh obkhodakh v grafakh},
  author={Serdyukov, Anatoliy I},
  journal={Upravlyayemyye sistemy},
  volume={17},
  pages={76--79},
  year={1978}
}

@incollection{wolsey1980heuristic,
  title={Heuristic analysis, linear programming and branch and bound},
  author={Wolsey, Laurence A},
  booktitle={Combinatorial Optimization II},
  pages={121--134},
  year={1980},
  publisher={Springer}
}

@inproceedings{karlin2021slightly,
  title={A (slightly) improved approximation algorithm for metric {TSP}},
  author={Karlin, Anna R and Klein, Nathan and {Oveis Gharan}, Shayan},
  booktitle={Proceedings of the 53rd Annual ACM SIGACT Symposium on Theory of Computing},
  pages={32--45},
  year={2021}
}

@article{karlin2021slightlyig,
  title={A (Slightly) Improved Bound on the Integrality Gap of the Subtour {LP} for {TSP}},
  author={Karlin, Anna and Klein, Nathan and {Oveis Gharan}, Shayan},
  journal={arXiv preprint arXiv:2105.10043},
  year={2021}
}

@article{gupta2021matroid,
  title={Matroid-Based {TSP} Rounding for Half-Integral Solutions},
  author={Gupta, Anupam and Lee, Euiwoong and Li, Jason and Mucha, Marcin and Newman, Heather and Sarkar, Sherry},
  journal={arXiv preprint arXiv:2111.09290},
  year={2021}
}

@article{dinits1976structure,
  title={On the structure of a family of minimal weighted cuts in a graph},
  author={Dinits, EA},
  journal={Studies in Discrete Optimization},
  year={1976},
  publisher={Nauka}
}

@article{nagamochi1994canonical,
  title={Canonical cactus representation for minimum cuts},
  author={Nagamochi, Hiroshi and Kameda, Tiko},
  journal={Japan Journal of Industrial and Applied Mathematics},
  volume={11},
  number={3},
  pages={343--361},
  year={1994},
  publisher={Springer}
}

@incollection{benczur2008deformable,
  title={Deformable polygon representation and near-mincuts},
  author={Bencz{\'u}r, Andr{\'a}s A and Goemans, Michel X},
  booktitle={Building Bridges},
  pages={103--135},
  year={2008},
  publisher={Springer}
}

@article{benczur1995structure,
  title={The structure of near-minimum edge cuts},
  author={Bencz{\'u}r, Andr{\'a}s A},
  year={1995},
  publisher={Citeseer}
}

@inproceedings{benczur1995representation,
  title={A representation of cuts within 6/5 times the edge connectivity with applications},
  author={Bencz{\'u}r, Andr{\'a}s A},
  booktitle={Proceedings of IEEE 36th Annual Foundations of Computer Science},
  pages={92--102},
  year={1995},
  organization={IEEE}
}

@phdthesis{benczur1997cut,
  title={Cut structures and randomized algorithms in edge-connectivity problems},
  author={Bencz{\'u}r, Andr{\'a}s A},
  year={1997},
  school={Massachusetts Institute of Technology}
}

@book{schrijver2003combinatorial,
  title={Combinatorial optimization: polyhedra and efficiency},
  author={Schrijver, Alexander},
  volume={24},
  year={2003},
  publisher={Springer}
}

@article{cook2009combinatorial,
  title={Combinatorial optimization},
  author={Cook, William J and Cunningham, WH and Pulleyblank, WR and Schrijver, A},
  journal={Oberwolfach Reports},
  volume={5},
  number={4},
  pages={2875--2942},
  year={2009},
  publisher={Springer}
}

@article{edmonds1973matching,
  title={Matching, Euler tours and the Chinese postman},
  author={Edmonds, Jack and Johnson, Ellis L},
  journal={Mathematical programming},
  volume={5},
  number={1},
  pages={88--124},
  year={1973},
  publisher={Springer}
}

@article{asadpour2017log,
  title={An {$O (\log n/\log \log n)$}-approximation algorithm for the asymmetric traveling salesman problem},
  author={Asadpour, Arash and Goemans, Michel X and Madry, Aleksander and Gharan, Shayan Oveis and Saberi, Amin},
  journal={Operations Research},
  volume={65},
  number={4},
  pages={1043--1061},
  year={2017},
  publisher={INFORMS}
}

@article{borcea2009negative,
  title={Negative dependence and the geometry of polynomials},
  author={Borcea, Julius and Br{\"a}nd{\'e}n, Petter and Liggett, Thomas},
  journal={Journal of the American Mathematical Society},
  volume={22},
  number={2},
  pages={521--567},
  year={2009}
}

@inproceedings{gharan2011randomized,
  title={A randomized rounding approach to the traveling salesman problem},
  author={{Oveis Gharan}, Shayan and Saberi, Amin and Singh, Mohit},
  booktitle={2011 IEEE 52nd Annual Symposium on Foundations of Computer Science},
  pages={550--559},
  year={2011},
  organization={IEEE}
}

@article{hoeffding1956distribution,
  title={On the distribution of the number of successes in independent trials},
  author={Hoeffding, Wassily},
  journal={The Annals of Mathematical Statistics},
  pages={713--721},
  year={1956},
  publisher={JSTOR}
}