@techreport{christofides1976worst,
  title={Worst-case analysis of a new heuristic for the travelling salesman problem},
  author={Christofides, Nicos},
  year={1976},
  institution={Carnegie-Mellon Univ Pittsburgh {PA} Management Sciences Research Group}
}

@article{serdyukov1978nekotorykh,
  title={O nekotorykh ekstremal'nykh obkhodakh v grafakh},
  author={Serdyukov, Anatoliy I},
  journal={Upravlyayemyye sistemy},
  volume={17},
  pages={76--79},
  year={1978}
}

@incollection{wolsey1980heuristic,
  title={Heuristic analysis, linear programming and branch and bound},
  author={Wolsey, Laurence A},
  booktitle={Combinatorial Optimization II},
  pages={121--134},
  year={1980},
  publisher={Springer}
}

@inproceedings{karlin2021slightly,
  title={A (slightly) improved approximation algorithm for metric {TSP}},
  author={Karlin, Anna R and Klein, Nathan and {Oveis Gharan}, Shayan},
  booktitle={Proceedings of the 53rd Annual ACM SIGACT Symposium on Theory of Computing},
  pages={32--45},
  year={2021}
}

@article{karlin2021slightlyig,
  title={A (Slightly) Improved Bound on the Integrality Gap of the Subtour {LP} for {TSP}},
  author={Karlin, Anna and Klein, Nathan and {Oveis Gharan}, Shayan},
  journal={arXiv preprint arXiv:2105.10043},
  year={2021}
}

@article{gupta2021matroid,
  title={Matroid-Based {TSP} Rounding for Half-Integral Solutions},
  author={Gupta, Anupam and Lee, Euiwoong and Li, Jason and Mucha, Marcin and Newman, Heather and Sarkar, Sherry},
  journal={arXiv preprint arXiv:2111.09290},
  year={2021}
}